<record><leader>00000cas a22000007a 4500</leader><controlfield tag="001">10786601</controlfield><controlfield tag="008">840530d18271833nhuwr ne      0    0eng d</controlfield><controlfield tag="009">330</controlfield><datafield ind1=" " ind2=" " tag="010"><subfield code="a">sn 84023170 </subfield></datafield><datafield ind1=" " ind2=" " tag="040"><subfield code="a">AQM</subfield><subfield code="b">eng</subfield><subfield code="c">AQM</subfield><subfield code="d">NPX</subfield><subfield code="d">DLC</subfield><subfield code="d">NVH</subfield><subfield code="d">OCL</subfield><subfield code="d">MGN</subfield><subfield code="d">OCLCQ</subfield></datafield><datafield ind1=" " ind2=" " tag="019"><subfield code="a">21180324</subfield></datafield><datafield ind1="1" ind2=" " tag="029"><subfield code="a">AU@</subfield><subfield code="b">000025820806</subfield></datafield><datafield ind1=" " ind2=" " tag="042"><subfield code="a">msc</subfield></datafield><datafield ind1="0" ind2="0" tag="050"><subfield code="a">Newspaper 8701-X</subfield></datafield><datafield ind1="0" ind2="0" tag="245"><subfield code="a">New Hampshire post and Grafton &amp; Coos advertiser.</subfield></datafield><datafield ind1="3" ind2="0" tag="246"><subfield code="a">New-Hampshire post and Grafton &amp; Coos advertiser</subfield></datafield><datafield ind1="3" ind2="0" tag="246"><subfield code="a">New-Hampshire post and Grafton and Coos advertiser</subfield></datafield><datafield ind1=" " ind2=" " tag="260"><subfield code="a">Haverhill, N.H. :</subfield><subfield code="b">M.G. Atwood</subfield></datafield><datafield ind1=" " ind2=" " tag="300"><subfield code="a">v.</subfield></datafield><datafield ind1=" " ind2=" " tag="310"><subfield code="a">Weekly</subfield></datafield><datafield ind1="0" ind2=" " tag="362"><subfield code="a">Vol. 1, no. 1 (July 6, 1827)-v. 6, no. 307 (May 15, 1833).</subfield></datafield><datafield ind1=" " ind2=" " tag="500"><subfield code="a">Publisher: John L. Bunce, &lt;1833&gt;.</subfield></datafield><datafield ind1=" " ind2=" " tag="752"><subfield code="a">United States</subfield><subfield code="b">New Hampshire</subfield><subfield code="c">Grafton</subfield><subfield code="d">Haverhill.</subfield></datafield></record>